@misc{RootBoardGameRules,
    title = {Root Learning to Play},  
    author = {Cole Wehrle, Kyle Ferrin},  
    year = {2565},
    url = "https://cdn.shopify.com/s/files/1/0106/0162/7706/files/Root_Base_Learn_to_Play_web_Oct_15_2020.pdf?v=1603389572",   
    urldate = {1/10/2566}
}

@inproceedings{Perez_Liebana_2015,
	doi = {10.1145/2739480.2754811},
	url = {https://doi.org/10.1145%2F2739480.2754811},
	year = 2015,
	month = {jul},
	publisher = {{ACM}},
	author = {Diego Perez Liebana and Jens Dieskau and Martin Hunermund and Sanaz Mostaghim and Simon Lucas},
	title = {Open Loop Search for General Video Game Playing},
	booktitle = {Proceedings of the 2015 Annual Conference on Genetic and Evolutionary Computation}
}

@misc{Whitehouse_Daniel_2014,
  title         = "Monte Carlo Tree Search for games with Hidden Information and Uncertainty  - White Rose eTheses Online",
  author        = "Daniel Whitehouse",
  year          = 2014,
  url           = "https://etheses.whiterose.ac.uk/8117/",
  urldate       = {1/10/2566}
}